@article {MR984812,
    AUTHOR = {Randell, Richard},
     TITLE = {Lattice-isotopic arrangements are topologically isomorphic},
   JOURNAL = {Proc. Amer. Math. Soc.},
  FJOURNAL = {Proceedings of the American Mathematical Society},
    VOLUME = {107},
      YEAR = {1989},
    NUMBER = {2},
     PAGES = {555--559},
      ISSN = {0002-9939},
   MRCLASS = {57Q37 (32C40)},
  MRNUMBER = {984812},
MRREVIEWER = {Hiroaki Terao},
       DOI = {10.2307/2047847},
       URL = {https://doi.org/10.2307/2047847},
}

@article {MR4524208,
    AUTHOR = {Rau, Johannes and Renaudineau, Arthur and Shaw, Kris},
     TITLE = {Real phase structures on matroid fans and matroid
              orientations},
   JOURNAL = {J. Lond. Math. Soc. (2)},
  FJOURNAL = {Journal of the London Mathematical Society. Second Series},
    VOLUME = {106},
      YEAR = {2022},
    NUMBER = {4},
     PAGES = {3687--3710},
      ISSN = {0024-6107},
   MRCLASS = {52C40 (05B35 14T15)},
  MRNUMBER = {4524208},
       DOI = {10.1112/jlms.12671},
       URL = {https://doi.org/10.1112/jlms.12671},
}

@article {MR3858765,
    AUTHOR = {Kerr, Gabriel and Zharkov, Ilia},
     TITLE = {Phase tropical hypersurfaces},
   JOURNAL = {Geom. Topol.},
  FJOURNAL = {Geometry \& Topology},
    VOLUME = {22},
      YEAR = {2018},
    NUMBER = {6},
     PAGES = {3287--3320},
      ISSN = {1465-3060},
   MRCLASS = {14T05},
  MRNUMBER = {3858765},
MRREVIEWER = {Siu-Cheong Lau},
       DOI = {10.2140/gt.2018.22.3287},
       URL = {https://doi.org/10.2140/gt.2018.22.3287},
}

@article{Rau_2023,
	doi = {10.1093/imrn/rnad005},
  
	url = {https://doi.org/10.1093%2Fimrn%2Frnad005},
  
	year = 2023,
	month = {feb},
  
	publisher = {Oxford University Press ({OUP})},
  
	author = {Johannes Rau},
  
	title = {Real Semi-Stable Degenerations, Real-Oriented Blow-Ups, and Straightening Corners},
  
	journal = {International Mathematics Research Notices}
}

@article {MR1700591,
    AUTHOR = {Kato, Kazuya and Nakayama, Chikara},
     TITLE = {Log {B}etti cohomology, log \'{e}tale cohomology, and log de
              {R}ham cohomology of log schemes over {${\bf C}$}},
   JOURNAL = {Kodai Math. J.},
  FJOURNAL = {Kodai Mathematical Journal},
    VOLUME = {22},
      YEAR = {1999},
    NUMBER = {2},
     PAGES = {161--186},
      ISSN = {0386-5991},
   MRCLASS = {14F20 (14F25 14F40)},
  MRNUMBER = {1700591},
MRREVIEWER = {Claudio Pedrini},
       DOI = {10.2996/kmj/1138044041},
       URL = {https://doi.org/10.2996/kmj/1138044041},
}

@article {MR1296351,
    AUTHOR = {Kawamata, Yujiro and Namikawa, Yoshinori},
     TITLE = {Logarithmic deformations of normal crossing varieties and
              smoothing of degenerate {C}alabi-{Y}au varieties},
   JOURNAL = {Invent. Math.},
  FJOURNAL = {Inventiones Mathematicae},
    VOLUME = {118},
      YEAR = {1994},
    NUMBER = {3},
     PAGES = {395--409},
      ISSN = {0020-9910},
   MRCLASS = {32G05 (14D15 14J32 14J40 32S30)},
  MRNUMBER = {1296351},
MRREVIEWER = {Claire Voisin},
       DOI = {10.1007/BF01231538},
       URL = {https://doi.org/10.1007/BF01231538},
}

@misc{vigeland2007tropical,
      title={Tropical complete intersection curves}, 
      author={Magnus Dehli Vigeland},
      year={2007},
      eprint={0711.1962},
      archivePrefix={arXiv},
      primaryClass={math.AG},
      note         = {arXiv:0711.1962},
}

@book {MR2810322,
    AUTHOR = {Cox, David A. and Little, John B. and Schenck, Henry K.},
     TITLE = {Toric varieties},
    SERIES = {Graduate Studies in Mathematics},
    VOLUME = {124},
 PUBLISHER = {American Mathematical Society, Providence, RI},
      YEAR = {2011},
     PAGES = {xxiv+841},
      ISBN = {978-0-8218-4819-7},
   MRCLASS = {14M25 (05A15 05E45 52B12)},
  MRNUMBER = {2810322},
MRREVIEWER = {Ivan Arzhantsev},
       DOI = {10.1090/gsm/124},
       URL = {https://doi.org/10.1090/gsm/124},
}

@book {MR3838359,
    AUTHOR = {Ogus, Arthur},
     TITLE = {Lectures on logarithmic algebraic geometry},
    SERIES = {Cambridge Studies in Advanced Mathematics},
    VOLUME = {178},
 PUBLISHER = {Cambridge University Press, Cambridge},
      YEAR = {2018},
     PAGES = {xviii+539},
      ISBN = {978-1-107-18773-3},
   MRCLASS = {14D06 (14A20 14M25)},
  MRNUMBER = {3838359},
MRREVIEWER = {Howard M. Thompson},
       DOI = {10.1017/9781316941614},
       URL = {https://doi.org/10.1017/9781316941614},
}

@misc{shaw2022birational,
      title={On the birational geometry of matroids}, 
      author={Kris Shaw and Annette Werner},
      year={2022},
      eprint={2207.13639},
      archivePrefix={arXiv},
      primaryClass={math.AG},
      note={arXiv:2207.13639}
}

@misc{demedrano2023chern,
      title={Chern Classes of Tropical Manifolds}, 
      author={Luc\'{i}a L\'{o}pez de Medrano and Felipe Rinc\'{o}n and Kris Shaw},
      year={2023},
      eprint={2309.00229},
      archivePrefix={arXiv},
      primaryClass={math.CO},
      note={arXiv:2309.00229},
}

@article {MR3173401,
    AUTHOR = {Fujita, Hajime and Furuta, Mikio and Yoshida, Takahiko},
     TITLE = {Torus fibrations and localization of index {II}: local index
              for acyclic compatible system},
   JOURNAL = {Comm. Math. Phys.},
  FJOURNAL = {Communications in Mathematical Physics},
    VOLUME = {326},
      YEAR = {2014},
    NUMBER = {3},
     PAGES = {585--633},
      ISSN = {0010-3616},
   MRCLASS = {58J20 (19K56 81Q10 81Q12)},
  MRNUMBER = {3173401},
MRREVIEWER = {Hang Wang},
       DOI = {10.1007/s00220-014-1890-7},
       URL = {https://doi.org/10.1007/s00220-014-1890-7},
}

@misc{tsutsui2023graded,
      title={Graded modules associated with permissible 
      {$C^{\infty}$}-divisors on tropical manifolds}, 
      author={Yuki Tsutsui},
      year={2023},
      eprint={2306.08905},
      archivePrefix={arXiv},
      primaryClass={math.AG},
      note={arXiv:2306.08905}
}

@misc{gross2019sheaftheoretic,
      title={A sheaf-theoretic approach to tropical homology}, 
      author={Andreas Gross and Farbod Shokrieh},
      year={2019},
      eprint={1906.09245},
      archivePrefix={arXiv},
      primaryClass={math.AG},
      note={arXiv:1906.08905v1}
}

@article {MR2377750,
    AUTHOR = {Gathmann, Andreas and Kerber, Michael},
     TITLE = {A {R}iemann-{R}och theorem in tropical geometry},
   JOURNAL = {Math. Z.},
  FJOURNAL = {Mathematische Zeitschrift},
    VOLUME = {259},
      YEAR = {2008},
    NUMBER = {1},
     PAGES = {217--230},
      ISSN = {0025-5874},
   MRCLASS = {14C40 (14H99 51M20)},
  MRNUMBER = {2377750},
MRREVIEWER = {Joaquim Ro\'{e}},
       DOI = {10.1007/s00209-007-0222-4},
       URL = {https://doi.org/10.1007/s00209-007-0222-4},
}

@incollection {MR1882331,
    AUTHOR = {Kontsevich, Maxim and Soibelman, Yan},
     TITLE = {Homological mirror symmetry and torus fibrations},
 BOOKTITLE = {Symplectic geometry and mirror symmetry ({S}eoul, 2000)},
     PAGES = {203--263},
 PUBLISHER = {World Sci. Publ., River Edge, NJ},
      YEAR = {2001},
   MRCLASS = {32Q25 (14J32 14K05 18E30 32G05 53C38)},
  MRNUMBER = {1882331},
MRREVIEWER = {Bal\'{a}zs Szendr\H{o}i},
       DOI = {10.1142/9789812799821\_0007},
       URL = {https://doi.org/10.1142/9789812799821_0007},
}

@article {MR1243782,
    AUTHOR = {Karshon, Yael and Tolman, Susan},
     TITLE = {The moment map and line bundles over presymplectic toric
              manifolds},
   JOURNAL = {J. Differential Geom.},
  FJOURNAL = {Journal of Differential Geometry},
    VOLUME = {38},
      YEAR = {1993},
    NUMBER = {3},
     PAGES = {465--484},
      ISSN = {0022-040X},
   MRCLASS = {58F05 (32L05 32L10)},
  MRNUMBER = {1243782},
MRREVIEWER = {Ivailo M. Mladenov},
       URL = {http://projecteuclid.org/euclid.jdg/1214454478},
}

@article {MR2079993,
    AUTHOR = {Mikhalkin, Grigory},
     TITLE = {Decomposition into pairs-of-pants for complex algebraic
              hypersurfaces},
   JOURNAL = {Topology},
  FJOURNAL = {Topology. An International Journal of Mathematics},
    VOLUME = {43},
      YEAR = {2004},
    NUMBER = {5},
     PAGES = {1035--1065},
      ISSN = {0040-9383},
   MRCLASS = {14J70 (14M25 32Q55)},
  MRNUMBER = {2079993},
MRREVIEWER = {G. K. Sankaran},
       DOI = {10.1016/j.top.2003.11.006},
       URL = {https://doi.org/10.1016/j.top.2003.11.006},
}

@article {MR2676658,
    AUTHOR = {Fujita, Hajime and Furuta, Mikio and Yoshida, Takahiko},
     TITLE = {Torus fibrations and localization of index {I}---polarization
              and acyclic fibrations},
   JOURNAL = {J. Math. Sci. Univ. Tokyo},
  FJOURNAL = {The University of Tokyo. Journal of Mathematical Sciences},
    VOLUME = {17},
      YEAR = {2010},
    NUMBER = {1},
     PAGES = {1--26},
      ISSN = {1340-5705},
   MRCLASS = {53D50 (58J20)},
  MRNUMBER = {2676658},
MRREVIEWER = {Bernhard A. Hanke},
}

@article {MR3961331,
    AUTHOR = {Itenberg, Ilia and Katzarkov, Ludmil and Mikhalkin, Grigory
              and Zharkov, Ilia},
     TITLE = {Tropical homology},
   JOURNAL = {Math. Ann.},
  FJOURNAL = {Mathematische Annalen},
    VOLUME = {374},
      YEAR = {2019},
    NUMBER = {1-2},
     PAGES = {963--1006},
      ISSN = {0025-5831},
   MRCLASS = {14T05},
  MRNUMBER = {3961331},
MRREVIEWER = {Helge Ruddat},
       DOI = {10.1007/s00208-018-1685-9},
       URL = {https://doi.org/10.1007/s00208-018-1685-9},
}

@article {MR2957233,
    AUTHOR = {Helm, David and Katz, Eric},
     TITLE = {Monodromy filtrations and the topology of tropical varieties},
   JOURNAL = {Canad. J. Math.},
  FJOURNAL = {Canadian Journal of Mathematics. Journal Canadien de
              Math\'{e}matiques},
    VOLUME = {64},
      YEAR = {2012},
    NUMBER = {4},
     PAGES = {845--868},
      ISSN = {0008-414X},
   MRCLASS = {14T05 (14D06)},
  MRNUMBER = {2957233},
MRREVIEWER = {Paul A. Hacking},
       DOI = {10.4153/CJM-2011-067-9},
       URL = {https://doi.org/10.4153/CJM-2011-067-9},
}

@incollection {MR2810427,
    AUTHOR = {Katz, Eric and Payne, Sam},
     TITLE = {Realization spaces for tropical fans},
 BOOKTITLE = {Combinatorial aspects of commutative algebra and algebraic
              geometry},
    SERIES = {Abel Symp.},
    VOLUME = {6},
     PAGES = {73--88},
 PUBLISHER = {Springer, Berlin},
      YEAR = {2011},
   MRCLASS = {14T05 (14M25)},
  MRNUMBER = {2810427},
MRREVIEWER = {Ethan G. Cotterill},
       DOI = {10.1007/978-3-642-19492-4\_6},
       URL = {https://doi.org/10.1007/978-3-642-19492-4_6},
}

@misc{shaw2015tropical,
      title={Tropical surfaces}, 
      author={Kristin Shaw},
      year={2015},
      eprint={1506.07407},
      archivePrefix={arXiv},
      primaryClass={math.AG},
      note={arXiv: 1506.07407},
}

@misc{mikhalkin2018tropical,
  title={Tropical Geometry},
  author={Mikhalkin, Grigory and Rau, Johannes},
  year={2018},
  note={available at 
  \url{https://math.uniandes.edu.co/~j.rau/index_en.html}},
}

@book {MR3287221,
    AUTHOR = {Maclagan, Diane and Sturmfels, Bernd},
     TITLE = {Introduction to tropical geometry},
    SERIES = {Graduate Studies in Mathematics},
    VOLUME = {161},
 PUBLISHER = {American Mathematical Society, Providence, RI},
      YEAR = {2015},
     PAGES = {xii+363},
      ISBN = {978-0-8218-5198-2},
   MRCLASS = {14T05 (05B35 14M25 15A80 52B70)},
  MRNUMBER = {3287221},
MRREVIEWER = {Patrick Popescu-Pampu},
       DOI = {10.1090/gsm/161},
       URL = {https://doi.org/10.1090/gsm/161},
}

@book {MR665919,
    AUTHOR = {Rourke, Colin Patrick and Sanderson, Brian Joseph},
     TITLE = {Introduction to piecewise-linear topology},
    SERIES = {Springer Study Edition},
      NOTE = {Reprint},
 PUBLISHER = {Springer-Verlag, Berlin-New York},
      YEAR = {1982},
     PAGES = {viii+123},
      ISBN = {3-540-11102-6},
   MRCLASS = {57Qxx},
  MRNUMBER = {665919},
}

@incollection {MR3702317,
    AUTHOR = {Katz, Eric},
     TITLE = {Matroid theory for algebraic geometers},
 BOOKTITLE = {Nonarchimedean and tropical geometry},
    SERIES = {Simons Symp.},
     PAGES = {435--517},
 PUBLISHER = {Springer, [Cham]},
      YEAR = {2016},
   MRCLASS = {52B40 (14M25 14T05 52B20)},
  MRNUMBER = {3702317},
MRREVIEWER = {Steven N. Karp},
}

@article {MR3894860,
    AUTHOR = {Jell, Philipp and Rau, Johannes and Shaw, Kristin},
     TITLE = {Lefschetz {$(1,1)$}-theorem in tropical geometry},
   JOURNAL = {\'{E}pijournal G\'{e}om. Alg\'{e}brique},
  FJOURNAL = {\'{E}pijournal de G\'{e}om\'{e}trie Alg\'{e}brique. EPIGA},
    VOLUME = {2},
      YEAR = {2018},
     PAGES = {Art. 11, 27},
   MRCLASS = {14T05 (14C22 14C25 52B40 55N35)},
  MRNUMBER = {3894860},
MRREVIEWER = {Gary P. Kennedy},
       DOI = {10.46298/epiga.2018.volume2.4126},
       URL = {https://doi.org/10.46298/epiga.2018.volume2.4126},
}

@book {MR1335917,
    AUTHOR = {Hirzebruch, Friedrich},
     TITLE = {Topological methods in algebraic geometry},
    SERIES = {Classics in Mathematics},
      NOTE = {Translated from the German and Appendix One by R. L. E.
              Schwarzenberger,
              With a preface to the third English edition by the author and
              Schwarzenberger,
              Appendix Two by A. Borel,
              Reprint of the 1978 edition},
 PUBLISHER = {Springer-Verlag, Berlin},
      YEAR = {1995},
     PAGES = {xii+234},
      ISBN = {3-540-58663-6},
   MRCLASS = {57-02 (01A75 14-02)},
  MRNUMBER = {1335917},
}

@book {MR463157,
    AUTHOR = {Hartshorne, Robin},
     TITLE = {Algebraic geometry},
    SERIES = {Graduate Texts in Mathematics, No. 52},
 PUBLISHER = {Springer-Verlag, New York-Heidelberg},
      YEAR = {1977},
     PAGES = {xvi+496},
      ISBN = {0-387-90244-9},
   MRCLASS = {14-01},
  MRNUMBER = {463157},
MRREVIEWER = {Robert Speiser},
}

@book {MR842190,
    AUTHOR = {Iversen, Birger},
     TITLE = {Cohomology of sheaves},
    SERIES = {Universitext},
 PUBLISHER = {Springer-Verlag, Berlin},
      YEAR = {1986},
     PAGES = {xii+464},
      ISBN = {3-540-16389-1},
   MRCLASS = {14F05 (14-01 18-01 54-01)},
  MRNUMBER = {842190},
MRREVIEWER = {G. Horrocks},
       DOI = {10.1007/978-3-642-82783-9},
       URL = {https://doi.org/10.1007/978-3-642-82783-9},
}

@book {MR1917232,
    AUTHOR = {Liu, Qing},
     TITLE = {Algebraic geometry and arithmetic curves},
    SERIES = {Oxford Graduate Texts in Mathematics},
    VOLUME = {6},
      NOTE = {Translated from the French by Reinie Ern\'{e},
              Oxford Science Publications},
 PUBLISHER = {Oxford University Press, Oxford},
      YEAR = {2002},
     PAGES = {xvi+576},
      ISBN = {0-19-850284-2},
   MRCLASS = {14-01 (11G30 14A05 14A15 14Gxx 14Hxx)},
  MRNUMBER = {1917232},
MRREVIEWER = {C\'{\i}cero Carvalho},
}

@article {MR3032930,
    AUTHOR = {Shaw, Kristin M.},
     TITLE = {A tropical intersection product in matroidal fans},
   JOURNAL = {SIAM J. Discrete Math.},
  FJOURNAL = {SIAM Journal on Discrete Mathematics},
    VOLUME = {27},
      YEAR = {2013},
    NUMBER = {1},
     PAGES = {459--491},
      ISSN = {0895-4801},
   MRCLASS = {14T05 (05B35 14C17)},
  MRNUMBER = {3032930},
MRREVIEWER = {Patrick Popescu-Pampu},
       DOI = {10.1137/110850141},
       URL = {https://doi.org/10.1137/110850141},
}

@article {MR4246795,
    AUTHOR = {Gross, Andreas and Shokrieh, Farbod},
     TITLE = {Cycles, cocycles, and duality on tropical manifolds},
   JOURNAL = {Proc. Amer. Math. Soc.},
  FJOURNAL = {Proceedings of the American Mathematical Society},
    VOLUME = {149},
      YEAR = {2021},
    NUMBER = {6},
     PAGES = {2429--2444},
      ISSN = {0002-9939},
   MRCLASS = {14T10 (05B35 14C17)},
  MRNUMBER = {4246795},
       DOI = {10.1090/proc/15468},
       URL = {https://doi.org/10.1090/proc/15468},
}

@article {MR4637248,
    AUTHOR = {Gross, Andreas and Shokrieh, Farbod},
     TITLE = {A sheaf-theoretic approach to tropical homology},
   JOURNAL = {J. Algebra},
  FJOURNAL = {Journal of Algebra},
    VOLUME = {635},
      YEAR = {2023},
     PAGES = {577--641},
      ISSN = {0021-8693},
   MRCLASS = {14T20 (14C17 14C25 14F06 52B40)},
  MRNUMBER = {4637248},
       DOI = {10.1016/j.jalgebra.2023.08.014},
       URL = {https://doi.org/10.1016/j.jalgebra.2023.08.014},
}

@misc{amini2021homology,
      title={Homology of tropical fans}, 
      author={Omid Amini and Matthieu Piquerez},
      year={2021},
      eprint={2105.01504},
      archivePrefix={arXiv},
      primaryClass={math.AG}
}

@article {MR760983,
    AUTHOR = {Shiota, M. and Yokoi, M.},
     TITLE = {Triangulations of subanalytic sets and locally subanalytic
              manifolds},
   JOURNAL = {Trans. Amer. Math. Soc.},
  FJOURNAL = {Transactions of the American Mathematical Society},
    VOLUME = {286},
      YEAR = {1984},
    NUMBER = {2},
     PAGES = {727--750},
      ISSN = {0002-9947},
   MRCLASS = {32B20 (57Q15)},
  MRNUMBER = {760983},
MRREVIEWER = {Z. Denkowska},
       DOI = {10.2307/1999818},
       URL = {https://doi.org/10.2307/1999818},
}

@book {MR1463945,
    AUTHOR = {Shiota, Masahiro},
     TITLE = {Geometry of subanalytic and semialgebraic sets},
    SERIES = {Progress in Mathematics},
    VOLUME = {150},
 PUBLISHER = {Birkh\"{a}user Boston, Inc., Boston, MA},
      YEAR = {1997},
     PAGES = {xii+431},
      ISBN = {0-8176-4000-2},
   MRCLASS = {14P15 (03C62 32B20)},
  MRNUMBER = {1463945},
MRREVIEWER = {Patrice Orro},
       DOI = {10.1007/978-1-4612-2008-4},
       URL = {https://doi.org/10.1007/978-1-4612-2008-4},
}

@article {MR2594592,
    AUTHOR = {Vigeland, Magnus Dehli},
     TITLE = {Smooth tropical surfaces with infinitely many tropical lines},
   JOURNAL = {Ark. Mat.},
  FJOURNAL = {Arkiv f\"{o}r Matematik},
    VOLUME = {48},
      YEAR = {2010},
    NUMBER = {1},
     PAGES = {177--206},
      ISSN = {0004-2080},
   MRCLASS = {14T05},
  MRNUMBER = {2594592},
MRREVIEWER = {Hannah Markwig},
       DOI = {10.1007/s11512-009-0116-2},
       URL = {https://doi.org/10.1007/s11512-009-0116-2},
}

@article {MR3339531,
    AUTHOR = {Brugall\'{e}, Erwan and Shaw, Kristin},
     TITLE = {Obstructions to approximating tropical curves in surfaces via
              intersection theory},
   JOURNAL = {Canad. J. Math.},
  FJOURNAL = {Canadian Journal of Mathematics. Journal Canadien de
              Math\'{e}matiques},
    VOLUME = {67},
      YEAR = {2015},
    NUMBER = {3},
     PAGES = {527--572},
      ISSN = {0008-414X},
   MRCLASS = {14T05 (14M25)},
  MRNUMBER = {3339531},
MRREVIEWER = {Martin Ulirsch},
       DOI = {10.4153/CJM-2014-014-4},
       URL = {https://doi.org/10.4153/CJM-2014-014-4},
}

@incollection {MR3330789,
    AUTHOR = {Mikhalkin, Grigory and Zharkov, Ilia},
     TITLE = {Tropical eigenwave and intermediate {J}acobians},
 BOOKTITLE = {Homological mirror symmetry and tropical geometry},
    SERIES = {Lect. Notes Unione Mat. Ital.},
    VOLUME = {15},
     PAGES = {309--349},
 PUBLISHER = {Springer, Cham},
      YEAR = {2014},
   MRCLASS = {14T05 (52B40 55N35)},
  MRNUMBER = {3330789},
MRREVIEWER = {Susan J. Colley},
       DOI = {10.1007/978-3-319-06514-4\_7},
       URL = {https://doi.org/10.1007/978-3-319-06514-4_7},
}

@article {MR337963,
    AUTHOR = {Sumihiro, Hideyasu},
     TITLE = {Equivariant completion},
   JOURNAL = {J. Math. Kyoto Univ.},
  FJOURNAL = {Journal of Mathematics of Kyoto University},
    VOLUME = {14},
      YEAR = {1974},
     PAGES = {1--28},
      ISSN = {0023-608X},
   MRCLASS = {14E25 (20G99)},
  MRNUMBER = {337963},
MRREVIEWER = {Vladimir L. Popov},
       DOI = {10.1215/kjm/1250523277},
       URL = {https://doi.org/10.1215/kjm/1250523277},
}